@article{Wickens,
    author = {Wickens, Christopher D.},
    citeulike-article-id = {2923621},
    citeulike-linkout-0 = {http://dx.doi.org/10.1518/001872008X288394},
    citeulike-linkout-1 = {http://hfs.sagepub.com/cgi/content/abstract/50/3/449},
    citeulike-linkout-2 = {http://www.ingentaconnect.com/content/hfes/hf/2008/00000050/00000003/art00018},
    day = {1},
    doi = {10.1518/001872008X288394},
    issn = {0018-7208},
    journal = {Human Factors: The Journal of the Human Factors and Ergonomics Society},
    month = jun,
    number = {3},
    pages = {449--455},
    posted-at = {2010-03-12 14:21:32},
    priority = {2},
    publisher = {Human Factors and Ergonomics Society},
    title = {{Multiple Resources and Mental Workload}},
    url = {http://dx.doi.org/10.1518/001872008X288394},
    volume = {50},
    year = {2008}
}
